<?xml version="1.0" encoding="UTF-8"?><collection xmlns="http://www.loc.gov/MARC21/slim"><record><leader>00485nam--2200181-i-4500</leader><controlfield tag="001">000015981</controlfield><controlfield tag="002">20161230</controlfield><controlfield tag="005">20161230201031</controlfield><controlfield tag="008">060222s1000------------r-----000-0-rum-d</controlfield><datafield ind1=" " ind2=" " tag="040"><subfield code="a">IFIN-HH</subfield></datafield><datafield ind1=" " ind2=" " tag="041"><subfield code="a">rum</subfield></datafield><datafield ind1=" " ind2=" " tag="080"><subfield code="a">531(075.8)</subfield></datafield><datafield ind1="1" ind2=" " tag="100"><subfield code="a">Martalogu, Nicolae</subfield></datafield><datafield ind1="1" ind2="0" tag="245"><subfield code="a">Cursde fizica teoretica</subfield><subfield code="b">Mecanica teoretica</subfield><subfield code="c">Nicolae Martalogu (Ed.)</subfield></datafield><datafield ind1=" " ind2=" " tag="260"><subfield code="a">Bucuresti, Litografia Invatamintului, 1955</subfield></datafield><datafield ind1=" " ind2=" " tag="300"><subfield code="a">228P</subfield></datafield><datafield ind1=" " ind2=" " tag="852"><subfield code="a">76575</subfield><subfield code="c">531</subfield></datafield><datafield ind1=" " ind2=" " tag="CAT"><subfield code="a">Sys</subfield><subfield code="c">20100708</subfield><subfield code="h">115152</subfield></datafield></record></collection>